<record><leader>00000cas a2200000 a 4500</leader><controlfield tag="001">51795770</controlfield><controlfield tag="008">030305d197u1974caucr ne      0    0eng c</controlfield><datafield ind1=" " ind2=" " tag="010"><subfield code="a">sn2003061108</subfield></datafield><datafield ind1=" " ind2=" " tag="040"><subfield code="a">CNK</subfield><subfield code="b">eng</subfield><subfield code="c">CNK</subfield><subfield code="d">CNK</subfield><subfield code="d">OCLCQ</subfield><subfield code="d">OCLCF</subfield><subfield code="d">OCLCO</subfield></datafield><datafield ind1="1" ind2=" " tag="029"><subfield code="a">AU@</subfield><subfield code="b">000024485229</subfield></datafield><datafield ind1=" " ind2=" " tag="042"><subfield code="a">pcc</subfield></datafield><datafield ind1=" " ind2=" " tag="043"><subfield code="a">n-us-ca</subfield></datafield><datafield ind1="0" ind2="0" tag="245"><subfield code="a">Temple City-El Monte valley messenger.</subfield></datafield><datafield ind1="1" ind2=" " tag="246"><subfield code="i">Occasionally published as:</subfield><subfield code="a">Temple City-El Monte messenger</subfield><subfield code="f">&lt;Jan. 7, 1971&gt;-July 11, 1974</subfield></datafield><datafield ind1="1" ind2=" " tag="246"><subfield code="i">Sunday issues published as:</subfield><subfield code="a">Sunday valley messenger</subfield><subfield code="f">&lt;Jan. 10, 1971&gt;-July 14, 1974</subfield></datafield><datafield ind1=" " ind2=" " tag="260"><subfield code="a">Alhambra, Calif. :</subfield><subfield code="b">Post-Advocate</subfield></datafield><datafield ind1=" " ind2=" " tag="300"><subfield code="a">v.</subfield></datafield><datafield ind1=" " ind2=" " tag="310"><subfield code="a">Semiweekly</subfield></datafield><datafield ind1="0" ind2=" " tag="362"><subfield code="a">-v. 7, no. 24 (July 14, 1974).</subfield></datafield><datafield ind1=" " ind2=" " tag="500"><subfield code="a">Formerly published as Valley messenger, Zone 4, Apr. 8, 1964-June 3, 1970.</subfield></datafield><datafield ind1=" " ind2=" " tag="515"><subfield code="a">Sunday issues carry vol. and numbering designation of Thursday issues.</subfield></datafield><datafield ind1=" " ind2=" " tag="530"><subfield code="a">Master negatives are available for duplication from:</subfield><subfield code="b">California Newspaper Microfilm Archive;</subfield><subfield code="c">positive copies may be purchased by the reel; for further information consult the CNMA at:</subfield><subfield code="u">http://cbsr.ucr.edu</subfield></datafield><datafield ind1=" " ind2=" " tag="588"><subfield code="a">Description based on: Vol. 4, no. 197 (Jan. 7, 1971).</subfield></datafield><datafield ind1=" " ind2="0" tag="651"><subfield code="a">El Monte (Calif.)</subfield><subfield code="v">Newspapers.</subfield></datafield><datafield ind1=" " ind2="0" tag="651"><subfield code="a">Temple City (Calif.)</subfield><subfield code="v">Newspapers.</subfield></datafield><datafield ind1=" " ind2="0" tag="651"><subfield code="a">San Gabriel River Valley (Calif.)</subfield><subfield code="v">Newspapers.</subfield></datafield><datafield ind1=" " ind2="7" tag="655"><subfield code="a">Newspapers.</subfield><subfield code="2">fast</subfield><subfield code="0">(OCoLC)fst01423814</subfield></datafield><datafield ind1=" " ind2="7" tag="651"><subfield code="a">California</subfield><subfield code="z">El Monte.</subfield><subfield code="2">fast</subfield><subfield code="0">(OCoLC)fst01217493</subfield></datafield><datafield ind1=" " ind2="7" tag="651"><subfield code="a">California</subfield><subfield code="z">San Gabriel River Valley.</subfield><subfield code="2">fast</subfield><subfield code="0">(OCoLC)fst01275269</subfield></datafield><datafield ind1=" " ind2="7" tag="651"><subfield code="a">California</subfield><subfield code="z">Temple City.</subfield><subfield code="2">fast</subfield><subfield code="0">(OCoLC)fst01218703</subfield></datafield><datafield ind1=" " ind2=" " tag="752"><subfield code="a">United States</subfield><subfield code="b">California</subfield><subfield code="c">Los Angeles</subfield><subfield code="d">Alhambra.</subfield></datafield><datafield ind1="0" ind2=" " tag="775"><subfield code="t">Alhambra valley messenger</subfield><subfield code="w">(DLC)sn2003061105</subfield></datafield><datafield ind1="0" ind2=" " tag="775"><subfield code="t">Monterey Park valley messenger</subfield><subfield code="w">(DLC)sn2003061106</subfield></datafield><datafield ind1="0" ind2="0" tag="780"><subfield code="t">Valley messenger (Alhambra, Calif.)</subfield><subfield code="w">(DLC)sn 00060668</subfield><subfield code="w">(OCoLC)45442630</subfield></datafield><datafield ind1="0" ind2="7" tag="785"><subfield code="t">San Gabriel-Rosemead valley messenger</subfield><subfield code="w">(DLC)sn2003061107</subfield></datafield><datafield ind1="0" ind2="7" tag="785"><subfield code="t">San Gabriel, Temple City, Rosemead, Monterey, El Monte valley messenger</subfield><subfield code="w">(DLC)sn2003061110</subfield></datafield></record>